@article{popularity,
    author  = "Максим Дмитриевич Пологойко",
    title   = "Перспективы использования сервисов проката электросамокатов в повседневных перемещениях по городу",
    year    = "2021",
    journal = "Скиф. Вопросы студенческой науки",
    volume  = "57",
    number  = "5",
    pages   = "315--319"
}

@misc{hype,
    title        = "Прокат самокатов в Москве --- ТОП-7 сервисов по аренде самокатов в Москве",
    howpublished = "Режим доступа: \url{https://arenda-samokatov.ru/prokat-samokatov-v-moskve/} (дата обращения: 19.03.2023)"}